@inproceedings{gulin2011winning,
  title={Winning The Transfer Learning Track of Yahoo!'s Learning To Rank Challenge with YetiRank.},
  author={Gulin, Andrey and Kuralenok, Igor and Pavlov, Dmitry},
  booktitle={Yahoo! Learning to Rank Challenge},
  pages={63--76},
  year={2011}
}

@inproceedings{likhomanenko2015lhcb,
  title={LHCb Topological Trigger Reoptimization},
  author={Likhomanenko, Tatiana and Ilten, Philip and Khairullin, Egor and Rogozhnikov, Alex and Ustyuzhanin, Andrey and Williams, Michael},
  booktitle={Journal of Physics: Conference Series},
  volume={664},
  number={8},
  pages={082025},
  year={2015},
  organization={IOP Publishing}
}

@book{testing,
  title={Automated Defect Prevention: Best Practices in Software Management},
  isbn={0470042125},
  author={{Kolawa, A; Huizinga, D}},
  publisher={Wiley-IEEE Computer Society Press},
  year={2007}
}

@manual{docker,
  title={Docker documentation},
  url={https://docs.docker.com}
}

@article{boettiger2015introduction,
  title={An introduction to Docker for reproducible research},
  author={Boettiger, Carl},
  journal={ACM SIGOPS Operating Systems Review},
  volume={49},
  number={1},
  pages={71--79},
  year={2015},
  publisher={ACM}
}

@article{begley2012drug,
  title={Drug development: Raise standards for preclinical cancer research},
  author={Begley, C Glenn and Ellis, Lee M},
  journal={Nature},
  volume={483},
  number={7391},
  pages={531--533},
  year={2012},
  publisher={Nature Research}
}

@article {psycho2015rep,
  author={Open Science Collaboration and others},
	title = {Estimating the reproducibility of psychological science},
	volume = {349},
	number = {6251},
	year = {2015},
	doi = {10.1126/science.aac4716},
	publisher = {American Association for the Advancement of Science},
	issn = {0036-8075},
	URL = {http://science.sciencemag.org/content/349/6251/aac4716},
	journal = {Science}
}

@article {lid1500,
  title = {1,500 scientists lift the lid on reproducibility},
  author = {Monya Baker},
  year = {2016},
  URL = {http://www.nature.com/news/1-500-scientists-lift-the-lid-on-reproducibility-1.19970},
  publisher = {Nature},
  volume = {533},
  issue = {7604}
}

@article{mantis2017replication,
  title={Replication Study: Coadministration of a tumor-penetrating peptide enhances the efficacy of cancer drugs},
  author={Mantis, Christine and Kandela, Irawati and Aird, Fraser and others},
  journal={eLife},
  volume={6},
  pages={e17584},
  year={2017},
  publisher={eLife Sciences Publications Limited}
}

@article{prinz2011believe,
  title={Believe it or not: how much can we rely on published data on potential drug targets?},
  author={Prinz, Florian and Schlange, Thomas and Asadullah, Khusru},
  journal={Nature reviews Drug discovery},
  volume={10},
  number={9},
  pages={712--712},
  year={2011},
  publisher={Nature Publishing Group}
}

@article{dockerBoettiger14,
  author    = {Carl Boettiger},
  title     = {An introduction to Docker for reproducible research, with examples
               from the {R} environment},
  journal   = {CoRR},
  volume    = {abs/1410.0846},
  year      = {2014},
  url       = {http://arxiv.org/abs/1410.0846},
  timestamp = {Sun, 02 Nov 2014 11:25:59 +0100},
  biburl    = {http://dblp.uni-trier.de/rec/bib/journals/corr/Boettiger14},
  bibsource = {dblp computer science bibliography, http://dblp.org}
}


@Article{ipython2007,
  Author    = {P\'erez, Fernando and Granger, Brian E.},
  Title     = {{IP}ython: a System for Interactive Scientific Computing},
  Journal   = {Computing in Science and Engineering},
  Volume    = {9},
  Number    = {3},
  Pages     = {21--29},
  month     = may,
  year      = 2007,
  url       = "http://ipython.org",
  ISSN      = "1521-9615",
  doi       = {10.1109/MCSE.2007.53},
  publisher = {IEEE Computer Society},
}

@manual{Jupyter,
  URL = {https://jupyter.readthedocs.io/en/latest/content-quickstart.html},
  title = {Jupyter documentation}
}

@manual{runipy,
  URL = {https://github.com/paulgb/runipy},
  title = {runipy: run IPython as a script}
}

@manual{nbconvert,
  URL = {http://nbconvert.readthedocs.io/en/latest/},
  title = {nbconvert: Convert Notebooks to other formats}
}

@manual{circleci,
  URL = {https://circleci.com/docs/},
  title = {CircleCI documentation}
}

@manual{mybinder,
  URL = {http://docs.mybinder.org/start-here},
  title = {binder documentation}
}

@article{reprozip2016,
  title = {ReproZip: Computational Reproducibility With Ease},
  author = {{F. Chirigati, R. Rampin, D. Shasha, and J. Freire}},
  journal = {Proceedings of the 2016 ACM SIGMOD International Conference on Management of Data (SIGMOD)},
  pages = {2085-2088},
  year = {2016}
}

@manual{gitwebui,
  URL = {https://github.com/alberthier/git-webui},
  title = {A standalone local web based user interface for git}
}

@manual{jupyterhub,
  URL = {https://jupyterhub.readthedocs.io/},
  title = {Multi-user server for Jupyter notebooks}
}

@article{knuth1984literate,
  title={Literate programming},
  author={Knuth, Donald Ervin},
  journal={The Computer Journal},
  volume={27},
  number={2},
  pages={97--111},
  year={1984},
  publisher={Br Computer Soc}
}
